<?xml version="1.0" encoding="UTF-8"?>
<collection xmlns:xsi="http://www.w3.org/2001/XMLSchema-instance" xsi:schemaLocation="http://www.loc.gov/MARC21/slim http://www.loc.gov/standards/marcxml/schema/MARC21slim.xsd" xmlns="http://www.loc.gov/MARC21/slim">
<record>
  <leader>00521nam a22001691  4500</leader>
  <controlfield tag="001">1631212</controlfield>
  <controlfield tag="003">NNC</controlfield>
  <controlfield tag="005">20030429113215.0</controlfield>
  <controlfield tag="008">950428m19641966iq            000 0 ara d</controlfield>
  <datafield tag="035" ind1=" " ind2=" ">
    <subfield code="a">(OCoLC)ocm32383333</subfield>
  </datafield>
  <datafield tag="035" ind1=" " ind2=" ">
    <subfield code="9">AKP0614CU</subfield>
  </datafield>
  <datafield tag="040" ind1=" " ind2=" ">
    <subfield code="a">ZCU</subfield>
    <subfield code="c">ZCU</subfield>
  </datafield>
  <datafield tag="100" ind1="1" ind2=" ">
    <subfield code="a">Dāwūdī, Ghālib ʻAlī.</subfield>
  </datafield>
  <datafield tag="245" ind1="0" ind2="0">
    <subfield code="a">Mudhakkirāt fī mabādiʾ al-ʻulūm al-siyāsīyah.</subfield>
    <subfield code="c">[taʾlīf] Ghālib ʻAlī al-Dāwūdī.</subfield>
  </datafield>
  <datafield tag="260" ind1=" " ind2=" ">
    <subfield code="a">al-Baṣrah,</subfield>
    <subfield code="b">Maṭbʻat al-Adīb,</subfield>
    <subfield code="c">1964-1966.</subfield>
  </datafield>
  <datafield tag="300" ind1=" " ind2=" ">
    <subfield code="a">v.</subfield>
    <subfield code="c">22 cm.</subfield>
  </datafield>
  <datafield tag="955" ind1=" " ind2=" ">
    <subfield code="b">CU17949513</subfield>
    <subfield code="d">off,glx</subfield>
    <subfield code="e">JC273 .D35</subfield>
    <subfield code="v">v.3</subfield>
  </datafield>
</record>
</collection>